<?xml version="1.0" encoding="UTF-8"?><collection xmlns="http://www.loc.gov/MARC21/slim"><record><leader>00405nam--2200133-i-4500</leader><controlfield tag="001">000030013</controlfield><controlfield tag="002">20161230</controlfield><controlfield tag="005">20161230201038</controlfield><controlfield tag="008">060222s1000------------r-----000-0-eng-d</controlfield><datafield ind1=" " ind2=" " tag="080"><subfield code="a">621.311.2:621.039(075.8)</subfield></datafield><datafield ind1=" " ind2=" " tag="100"><subfield code="a">Leca, Aureliu., Pop, Mihai., Stan, N</subfield></datafield><datafield ind1=" " ind2=" " tag="245"><subfield code="a">Procese si instalatii termice in centrale nucleare electrice</subfield></datafield><datafield ind1=" " ind2=" " tag="260"><subfield code="a">Bucuresti, Ed.Didact.Si Pedagogica, 1979, 648p</subfield></datafield><datafield ind1=" " ind2=" " tag="852"><subfield code="a">47288</subfield></datafield></record></collection>